@article{aizawaAdvertisingRiskSelection2018,
  title = {Advertising and {{Risk Selection}} in {{Health Insurance Markets}}},
  author = {Aizawa, Naoki and Kim, You Suk},
  year = {2018},
  journal = {The American Economic Review},
  volume = {108},
  number = {3},
  eprint = {26527939},
  eprinttype = {jstor},
  pages = {828--867},
  publisher = {{American Economic Association}}
}

@article{berryAutomobilePricesMarket1995,
  title = {Automobile {{Prices}} in {{Market Equilibrium}}},
  author = {Berry, Steven and Levinsohn, James and Pakes, Ariel},
  year = {1995},
  journal = {Econometrica},
  volume = {63},
  number = {4},
  eprint = {2171802},
  eprinttype = {jstor},
  pages = {841},
  doi = {10.2307/2171802}
}

@article{berryDifferentiatedProductsDemand2004,
  title = {Differentiated {{Products Demand Systems}} from a {{Combination}} of {{Micro}} and {{Macro Data}}: {{The New Car Market}}},
  shorttitle = {Differentiated {{Products Demand Systems}} from a {{Combination}} of {{Micro}} and {{Macro Data}}},
  author = {Berry, Steven and Levinsohn, James and Pakes, Ariel},
  year = {2004},
  journal = {Journal of Political Economy},
  volume = {112},
  number = {1},
  pages = {68--105},
  doi = {10.1086/379939}
}

@article{brownHowDoesRisk2014,
  title = {How {{Does Risk Selection Respond}} to {{Risk Adjustment}}? {{New Evidence}} from the {{Medicare Advantage Program}}},
  shorttitle = {How {{Does Risk Selection Respond}} to {{Risk Adjustment}}?},
  author = {Brown, Jason and Duggan, Mark and Kuziemko, Ilyana and Woolston, William},
  year = {2014},
  journal = {American Economic Review},
  volume = {104},
  number = {10},
  pages = {3335--3364},
  doi = {10.1257/aer.104.10.3335}
}

@article{cabralExternalitiesTaxationSupplemental2019,
  title = {Externalities and {{Taxation}} of {{Supplemental Insurance}}: {{A Study}} of {{Medicare}} and {{Medigap}}},
  shorttitle = {Externalities and {{Taxation}} of {{Supplemental Insurance}}},
  author = {Cabral, Marika and Mahoney, Neale},
  year = {2019},
  journal = {American Economic Journal: Applied Economics},
  volume = {11},
  number = {2},
  pages = {37--73},
  doi = {10.1257/app.20160350}
}

@article{conlonBestPracticesDifferentiated2020,
  title = {Best Practices for Differentiated Products Demand Estimation with {{PyBLP}}},
  author = {Conlon, Christopher and Gortmaker, Jeff},
  year = {2020},
  journal = {The RAND Journal of Economics},
  volume = {51},
  number = {4},
  pages = {1108--1161},
  doi = {10.1111/1756-2171.12352}
}

@article{decarolisSubsidyDesignPrivately2020,
  title = {Subsidy {{Design}} in {{Privately Provided Social Insurance}}: {{Lessons}} from {{Medicare Part D}}},
  shorttitle = {Subsidy {{Design}} in {{Privately Provided Social Insurance}}},
  author = {Decarolis, Francesco and Polyakova, Maria and Ryan, Stephen P.},
  year = {2020},
  journal = {Journal of Political Economy},
  volume = {128},
  number = {5},
  pages = {1712--1752},
  doi = {10.1086/705550}
}

@article{fahleOutofPocketMedicalExpenditures2016,
  title = {Out-of-{{Pocket Medical Expenditures}} in the {{United States}}: {{Evidence}} from the {{Health}} and {{Retirement Study}}: {{Out-of-pocket}} Medical Expenditures in the {{United States}}},
  shorttitle = {Out-of-{{Pocket Medical Expenditures}} in the {{United States}}},
  author = {Fahle, Sean and McGarry, Kathleen and Skinner, Jonathan},
  year = {2016},
  journal = {Fiscal Studies},
  volume = {37},
  number = {3-4},
  pages = {785--819},
  doi = {10.1111/j.1475-5890.2016.12126}
}

@article{fangSourcesAdvantageousSelection2008,
  title = {Sources of {{Advantageous Selection}}: {{Evidence}} from the {{Medigap Insurance Market}}},
  shorttitle = {Sources of {{Advantageous Selection}}},
  author = {Fang, Hanming and Keane, Michael~P. and Silverman, Dan},
  year = {2008},
  journal = {Journal of Political Economy},
  volume = {116},
  number = {2},
  pages = {303--350},
  doi = {10.1086/587623}
}

@article{fanOwnershipConsolidationProduct2013,
  title = {Ownership {{Consolidation}} and {{Product Characteristics}}: {{A Study}} of the {{US Daily Newspaper Market}}},
  shorttitle = {Ownership {{Consolidation}} and {{Product Characteristics}}},
  author = {Fan, Ying},
  year = {2013},
  journal = {American Economic Review},
  volume = {103},
  number = {5},
  pages = {1598--1628},
  doi = {10.1257/aer.103.5.1598}
}

@article{gerusoUpcodingEvidenceMedicare2020,
  title = {Upcoding: {{Evidence}} from {{Medicare}} on {{Squishy Risk Adjustment}}},
  shorttitle = {Upcoding},
  author = {Geruso, Michael and Layton, Timothy},
  year = {2020},
  journal = {Journal of Political Economy},
  volume = {128},
  number = {3},
  pages = {984--1026},
  doi = {10.1086/704756}
}

@article{glazerOptimalRiskAdjustment2000a,
  title = {Optimal {{Risk Adjustment}} in {{Markets}} with {{Adverse Selection}}: {{An Application}} to {{Managed Care}}},
  shorttitle = {Optimal {{Risk Adjustment}} in {{Markets}} with {{Adverse Selection}}},
  author = {Glazer, Jacob and McGuire, Thomas G.},
  year = {2000},
  journal = {American Economic Review},
  volume = {90},
  number = {4},
  pages = {1055--1071},
  doi = {10.1257/aer.90.4.1055}
}

@article{goolsbeeConsumerGainsDirect2004,
  title = {The {{Consumer Gains}} from {{Direct Broadcast Satellites}} and the {{Competition}} with {{Cable TV}}},
  author = {Goolsbee, Austan and Petrin, Amil},
  year = {2004},
  journal = {Econometrica},
  volume = {72},
  number = {2},
  pages = {351--381},
  doi = {10.1111/j.1468-0262.2004.00494.x}
}

@article{keaneAdverseSelectionMoral2016,
  title = {Adverse Selection, Moral Hazard and the Demand for {{Medigap}} Insurance},
  author = {Keane, Michael and Stavrunova, Olena},
  year = {2016},
  journal = {Journal of Econometrics},
  volume = {190},
  number = {1},
  pages = {62--78},
  doi = {10.1016/j.jeconom.2015.08.002}
}

@article{liebermanMedicareAdvantageEnrolls2023,
  title = {Medicare {{Advantage Enrolls Lower-Spending People}}, {{Leading}} to {{Large Overpayments}}},
  author = {Lieberman, Steven M. and Paul Ginsburg},
  year = {2023},
  journal = {Schaeffer Center White Paper Series},
  doi = {10.25549/n153-9a66}
}

@article{mcguireEconomicHistoryMedicare2011,
  title = {An {{Economic History}} of {{Medicare Part C}}: {{An Economic History}} of {{Medicare Part C}}},
  shorttitle = {An {{Economic History}} of {{Medicare Part C}}},
  author = {Mcguire, Thomas G. and Newhouse, Joseph P. and Sinaiko, Anna D.},
  year = {2011},
  journal = {Milbank Quarterly},
  volume = {89},
  number = {2},
  pages = {289--332},
  doi = {10.1111/j.1468-0009.2011.00629.x}
}

@techreport{millerOptimalGeographicDistribution2023,
  title = {The {{Optimal Geographic Distribution}} of {{Managed Competition Subsidies}}},
  author = {Miller, Keaton and Petrin, Amil and Robert, Town and Michael, Chernew},
  year = {2023}
}

@article{nevoMeasuringMarketPower2001,
  title = {Measuring {{Market Power}} in the {{Ready-to-Eat Cereal Industry}}},
  author = {Nevo, Aviv},
  year = {2001},
  journal = {Econometrica},
  volume = {69},
  number = {2},
  pages = {307--342},
  doi = {10.1111/1468-0262.00194}
}

@article{trishPhysicianReimbursementMedicare2017,
  title = {Physician {{Reimbursement}} in {{Medicare Advantage Compared With Traditional Medicare}} and {{Commercial Health Insurance}}},
  author = {Trish, Erin and Ginsburg, Paul and Gascue, Laura and Joyce, Geoffrey},
  year = {2017},
  journal = {JAMA Internal Medicine},
  volume = {177},
  number = {9},
  pages = {1287--1295},
  doi = {10.1001/jamainternmed.2017.2679}
}

@article{vatterQualityDisclosureRegulation2023,
  title = {Quality {{Disclosure}} and {{Regulation}}: {{Scoring Design}} in {{Medicare Advantage}}},
  shorttitle = {Quality {{Disclosure}} and {{Regulation}}},
  author = {Vatter, Benjamin},
  year = {2023},
  journal = {SSRN Electronic Journal},
  doi = {10.2139/ssrn.4250361}
}

@misc{cmsReportRisk2021,
  title = {Report to Congress: Risk Adjustment in Medicare Advantage},
  author ={{CMS}},
  year = {2021},
  note = {Available online at \href{https://www.cms.gov/files/document/report-congress-risk-adjustment-medicare-advantage-december-2021.pdf}{link}.
  Accessed: 2024-03-03.},
}

@misc{cmsReportFund2023,
  title = {Annual Report of the Boards of Trustees of the Federal Hospital Insurance and Federal Supplementary Medical Insurance Trust Funds},
  author = {{CMS}},
  year = {2023},
  note = {Available online at \href{https://www.cms.gov/oact/tr/2023}{link}.
  Accessed: 2024-03-03.},
}

@techreport{xuMedicareAdvantageOverview2023,
  title = {Medicare {{Advantage Overview}}: {{A Primer}} on {{Enrollment}} and {{Spending}}},
  author = {Xu, Lanlan and Welch, W Pete and Ruhter, Joel and Nguyen, Nguyen X and Sheingold, Steven and Lew, Nancy De and Sommers, Benjamin D},
  year = {2023},
  institution = {{United States Department of Health and Human Services}},
  note = {Available online at \href{https://aspe.hhs.gov/sites/default/files/documents/9b42ffbf2341726d5b63a9647b0aad15/medicare-advantage-overview.pdf
}{link}. Accessed: 2024-03-03.}
}

@techreport{medpacChapterFavorableSelection2023,
  title = {Chapter 4: {{Favorable}} Selection and Future Directions for {{Medicare Advantage}} Payment Policy},
  author = {{MedPAC}},
  year = {2023},
  institution = {{MedPAC}},
  note = {Available online at \href{https://www.medpac.gov/document/chapter-4-favorable-selection-and-future-directions-for-medicare-advantage-payment-policy-june-2023-report/
}{link}. Accessed: 2024-03-03.}
}

@techreport{jacobsonPeopleWhoSign2019,
  title = {Do {{People Who Sign Up}} for {{Medicare Advantage Plans Have Lower Medicare Spending}}?},
  author = {Jacobson, Gretchen and Neuman, Tricia and Damico, Anthony},
  year = {2019},
  institution = {KFF},
  note = {Available online at \href{https://www.kff.org/medicare/issue-brief/do-people-who-sign-up-for-medicare-advantage-plans-have-lower-medicare-spending/
}{link}. Accessed: 2024-03-03.}
}

@article{petrinQuantifyingBenefitsNew2002,
  title = {Quantifying the {{Benefits}} of {{New Products}}: {{The Case}} of the {{Minivan}}},
  shorttitle = {Quantifying the {{Benefits}} of {{New Products}}},
  author = {Petrin, Amil},
  year = {2002},
  journal = {Journal of Political Economy},
  volume = {110},
  number = {4},
  pages = {705--729},
  publisher = {The University of Chicago Press},
  doi = {10.1086/340779}
}

@article{curtoCanHealthInsurance2021,
  title = {Can {{Health Insurance Competition Work}}? {{Evidence}} from {{Medicare Advantage}}},
  author = {Curto, Vilsa and Einav, Liran and Levin, Jonathan and Bhattacharya, Jay},
  year = {2021},
  journal = {Journal of Political Economy}
}
@article{dugganWhoBenefitsWhen2016,
  title = {Who Benefits When the Government Pays More? {{Pass-through}} in the {{Medicare Advantage}} Program},
  shorttitle = {Who Benefits When the Government Pays More?},
  author = {Duggan, Mark and Starc, Amanda and Vabson, Boris},
  year = {2016},
  journal = {Journal of Public Economics},
  volume = {141},
  pages = {50--67},
  doi = {10.1016/j.jpubeco.2016.07.003}
}

@article{dunnValueCoverageMedicare2010,
  title = {The Value of Coverage in the Medicare Advantage Insurance Market},
  author = {Dunn, Abe},
  year = {2010},
  journal = {Journal of Health Economics},
  volume = {29},
  number = {6},
  pages = {839--855},
  doi = {10.1016/j.jhealeco.2010.08.005}
}

@article{guglielmoCompetitionCostsMedicare2015,
  title = {Competition and {{Costs}} in {{Medicare Advantage}}},
  author = {Guglielmo, Andrea},
  year = {2015},
  journal = {Job Market Paper}
}

@article{lustigWelfareEffectsAdverse2007,
  title = {The {{Welfare Effects}} of {{Adverse Selection}} in {{Privatized Medicare}}},
  author = {Lustig, Joshua},
  year = {2007},
  journal = {Job Market Paper}
}

@article{newhouseHowMuchFavorable2015a,
  title = {How {{Much Favorable Selection Is Left}} in {{Medicare Advantage}}?},
  author = {Newhouse, Joseph P. and Price, Mary and McWilliams, J. Michael and Hsu, John and McGuire, Thomas G.},
  year = {2015},
  journal = {American Journal of Health Economics},
  publisher = {MIT Press One Rogers St., Cambridge, MA 02142-1209 USA journals-info@mit.edu},
  doi = {10.1162/ajhe_a_00001},
  copyright = {{\copyright} 2015 American Society of Health Economists and Massachusetts Institute of Technology}
}

@article{newhouseHowSuccessfulMedicare2014,
  title = {How {{Successful Is Medicare Advantage}}?},
  author = {Newhouse, Joseph P. and McGuire, Thomas G.},
  year = {2014},
  journal = {The Milbank Quarterly},
  volume = {92},
  number = {2},
  pages = {351--394},
  doi = {10.1111/1468-0009.12061}
}

@article{newhouseMedicareAdvantagePlans2013,
  title = {Do {{Medicare Advantage}} Plans Select Enrollees in Higher Margin Clinical Categories?},
  author = {Newhouse, Joseph P. and McWilliams, J. Michael and Price, Mary and Huang, Jie and Fireman, Bruce and Hsu, John},
  year = {2013},
  journal = {Journal of Health Economics},
  volume = {32},
  number = {6},
  pages = {1278--1288},
  doi = {10.1016/j.jhealeco.2013.09.003}
}

@article{shenHowProfitableRisk2002,
  title = {How Profitable Is Risk Selection? {{A}} Comparison of Four Risk Adjustment Models},
  shorttitle = {How Profitable Is Risk Selection?},
  author = {Shen, Yujing and Ellis, Randall P.},
  year = {2002},
  journal = {Health Economics},
  volume = {11},
  number = {2},
  pages = {165--174},
  doi = {10.1002/hec.661},
  copyright = {http://onlinelibrary.wiley.com/termsAndConditions\#vor}
}

@article{soAdverseSelectionProduct2022,
  title = {Adverse {{Selection}}, {{Product Variety}}, and {{Welfare}}},
  author = {So, Jaemin},
  year = {2022},
  journal = {Job Market Paper}
}

@article{zahnEntryCompetitionInsurance2024,
  title = {Entry and {{Competition}} in {{Insurance Markets}}: {{Evidence}} from {{Medicare Advantage}}},
  author = {Zahn, Matthew V},
  year = {2024},
  journal = {Job Market Paper}
}

@article{townWelfareImpactMedicare2003,
  title = {The {{Welfare Impact}} of {{Medicare HMOs}}},
  author = {Town, Robert and Liu, Su},
  year = {2003},
  journal = {The RAND Journal of Economics},
  volume = {34},
  number = {4},
  eprint = {1593785},
  eprinttype = {jstor},
  pages = {719--736},
  publisher = {[RAND Corporation, Wiley]},
  doi = {10.2307/1593785}
}

@article{millerPrivateMedicareFirms2016,
  title = {Do Private {{Medicare}} Firms Have Lower Costs?},
  author = {Miller, Keaton},
  year = {2016},
  journal = {Working Paper}
}

@article{rothschildEquilibriumCompetitiveInsurance1976a,
  title = {Equilibrium in {{Competitive Insurance Markets}}: {{An Essay}} on the {{Economics}} of {{Imperfect Information}}},
  shorttitle = {Equilibrium in {{Competitive Insurance Markets}}},
  author = {Rothschild, Michael and Stiglitz, Joseph},
  year = {1976},
  journal = {The Quarterly Journal of Economics},
  volume = {90},
  number = {4},
  eprint = {1885326},
  eprinttype = {jstor},
  pages = {629--649},
  publisher = {Oxford University Press},
  doi = {10.2307/1885326}
}

@article{borensteinCompetitionPriceDispersion1994,
  title = {Competition and {{Price Dispersion}} in the {{U}}.{{S}}. {{Airline Industry}}},
  author = {Borenstein, Severin and Rose, Nancy L.},
  year = {1994},
  journal = {Journal of Political Economy},
  volume = {102},
  number = {4},
  pages = {653--683},
  publisher = {The University of Chicago Press},
  doi = {10.1086/261950}
}

@misc{freedMedicareAdvantage20242024,
  title = {Medicare {{Advantage}} in 2024: {{Enrollment Update}} and {{Key Trends}}},
  shorttitle = {Medicare {{Advantage}} in 2024},
  author = {Freed, Meredith and Biniek, Jeannie Fuglesten and Damico, Anthony and Published, Tricia Neuman},
  year = {2024},
  journal = {KFF}
}

@article{hittBundlingCustomerSelfSelection2005,
  title = {Bundling with {{Customer Self-Selection}}: {{A Simple Approach}} to {{Bundling Low-Marginal-Cost Goods}}},
  shorttitle = {Bundling with {{Customer Self-Selection}}},
  author = {Hitt, Lorin M. and Chen, Pei-yu},
  year = {2005},
  journal = {Management Science},
  volume = {51},
  number = {10},
  pages = {1481--1493},
  publisher = {INFORMS},
  doi = {10.1287/mnsc.1050.0403}
}

@article{dafnyAreHealthInsurance2010,
  title = {Are {{Health Insurance Markets Competitive}}?},
  author = {Dafny, Leemore S},
  year = {2010},
  journal = {American Economic Review},
  volume = {100},
  number = {4},
  pages = {1399--1431},
  doi = {10.1257/aer.100.4.1399}
}